<record><leader>00000cas a22000007a 4500</leader><controlfield tag="001">23111850</controlfield><controlfield tag="008">910218d188318uumouwr ne      0    0eng d</controlfield><datafield ind1=" " ind2=" " tag="010"><subfield code="a">sn 91061102 </subfield></datafield><datafield ind1=" " ind2=" " tag="040"><subfield code="a">MQN</subfield><subfield code="b">eng</subfield><subfield code="c">MQN</subfield><subfield code="d">OCLCQ</subfield></datafield><datafield ind1=" " ind2=" " tag="042"><subfield code="a">msc</subfield></datafield><datafield ind1="0" ind2="0" tag="245"><subfield code="a">Fairfax chief.</subfield></datafield><datafield ind1=" " ind2=" " tag="260"><subfield code="a">Fairfax, Atchison County, Mo. :</subfield><subfield code="b">R.S. Graves</subfield></datafield><datafield ind1=" " ind2=" " tag="300"><subfield code="a">v.</subfield></datafield><datafield ind1=" " ind2=" " tag="310"><subfield code="a">Weekly</subfield></datafield><datafield ind1="0" ind2=" " tag="362"><subfield code="a">Vol. 2, no. 11 (May 12, 1883)-</subfield></datafield><datafield ind1=" " ind2="4" tag="651"><subfield code="a">Fairfax (Mo.)</subfield><subfield code="v">Newspapers.</subfield></datafield><datafield ind1=" " ind2=" " tag="752"><subfield code="a">United States</subfield><subfield code="b">Missouri</subfield><subfield code="c">Atchison</subfield><subfield code="d">Fairfax.</subfield></datafield><datafield ind1="0" ind2="0" tag="780"><subfield code="t">Fairfax independent chief</subfield><subfield code="w">(DLC)sn 91061101</subfield></datafield><datafield ind1="1" ind2=" " tag="029"><subfield code="a">AU@</subfield><subfield code="b">000025897568</subfield></datafield></record>